@inproceedings{DBLP:conf/openshmem/PophaleHPC14,
  author    = {Swaroop Pophale and
               Oscar Hernandez and
               Stephen W. Poole and
               Barbara M. Chapman},
  title     = "{Extending the OpenSHMEM Analyzer to Perform Synchronization
               and Multi-valued Analysis}",
  booktitle = {OpenSHMEM},
  year      = {2014},
  pages     = {134-148},
  ee        = {http://dx.doi.org/10.1007/978-3-319-05215-1_10},
  bibsource = {DBLP, http://dblp.uni-trier.de}
}

@incollection{SwaroopOpenSHMEM14,
year={2014},
isbn={978-3-319-05214-4},
booktitle={OpenSHMEM and Related Technologies. Experiences, Implementations, and Tools},
volume={8356},
series={Lecture Notes in Computer Science},
editor={Poole, Stephen and Hernandez, Oscar and Shamis, Pavel},
doi={10.1007/978-3-319-05215-1_10},
title={{Extending the OpenSHMEM Analyzer to Perform Synchronization and Multi-valued Analysis}},
url={http://dx.doi.org/10.1007/978-3-319-05215-1_10},
publisher={Springer International Publishing},
author={Pophale, Swaroop and Hernandez, Oscar and Poole, Stephen and Chapman, Barbara},
pages={134-148},
language={English}
}

%   crossref  = {DBLP:conf/openshmem/2014},


@inproceedings{SwaroopPGAS13,
  author = {Pophale, Swaroop and Hernandez, Oscar and Poole,  Stephen and Chapman, Barbara},
  title = "{Static Analyses for Unaligned Collective Synchronization Matching for OpenSHMEM}",
  booktitle = {Proceedings of the Seventh Conference on Partitioned Global Address Space Programming Model},
  series = {PGAS '13},
  year = {2013},
  location = {Edinburgh, Scotland},
}

@INPROCEEDINGS{hernandez2012openshmem,
    author = {Oscar Hernandez and Siddhartha Jana and Swaroop Pophale and Stephen Poole and Jeffery Kuehn and Barbara Chapman},
    title = "{The OpenSHMEM Analyzer}",
    booktitle = {The proceedings of the Sixth Conference on Partitioned Global Address Space Programming Models, Santa Barbara, CA, USA},
    month={October},
    year = {2012},
    doe_contract_number={DE-AC05-00OR22725},
    osti_id={1063824}
}

@article{chapman2012experiencesspringer,
year={2012},
issn={0885-7458},
journal={International Journal of Parallel Programming},
doi={10.1007/s10766-012-0230-9},
title="{Experiences Developing the OpenUH Compiler and Runtime Infrastructure}",
url={http://dx.doi.org/10.1007/s10766-012-0230-9},
publisher={Springer US},
keywords={Compilers; OpenMP; PGAS; Parallelization},
author={Chapman, Barbara and Eachempati, Deepak and Hernandez, Oscar},
pages={1-30},
language={English}
}
